@inproceedings{conklin2003music,
  title={Music generation from statistical models},
  author={Conklin, Darrell},
  booktitle={Proceedings of the AISB 2003 Symposium on Artificial Intelligence and Creativity in the Arts and Sciences},
  pages={30--35},
  year={2003},
  organization={Citeseer}
}
@article{boulanger2012modeling,
  title={Modeling temporal dependencies in high-dimensional sequences: Application to polyphonic music generation and transcription},
  author={Boulanger-Lewandowski, Nicolas and Bengio, Yoshua and Vincent, Pascal},
  journal={arXiv preprint arXiv:1206.6392},
  year={2012}
}
@article{goodmancs,
  title={CS 224D Final Project},
  author={Goodman, Ilan and Pai, Sunil}
}
@article{eck2002first,
  title={A first look at music composition using lstm recurrent neural networks},
  author={Eck, Douglas and Schmidhuber, Juergen},
  journal={Istituto Dalle Molle Di Studi Sull Intelligenza Artificiale},
  volume={103},
  year={2002}
}
@misc{tensorflow2015-whitepaper,
title={{TensorFlow}: Large-Scale Machine Learning on Heterogeneous Systems},
url={http://tensorflow.org/},
note={Software available from tensorflow.org},
author={
    Mart\'{\i}n~Abadi and
    Ashish~Agarwal and
    Paul~Barham and
    Eugene~Brevdo and
    Zhifeng~Chen and
    Craig~Citro and
    Greg~S.~Corrado and
    Andy~Davis and
    Jeffrey~Dean and
    Matthieu~Devin and
    Sanjay~Ghemawat and
    Ian~Goodfellow and
    Andrew~Harp and
    Geoffrey~Irving and
    Michael~Isard and
    Yangqing Jia and
    Rafal~Jozefowicz and
    Lukasz~Kaiser and
    Manjunath~Kudlur and
    Josh~Levenberg and
    Dan~Man\'{e} and
    Rajat~Monga and
    Sherry~Moore and
    Derek~Murray and
    Chris~Olah and
    Mike~Schuster and
    Jonathon~Shlens and
    Benoit~Steiner and
    Ilya~Sutskever and
    Kunal~Talwar and
    Paul~Tucker and
    Vincent~Vanhoucke and
    Vijay~Vasudevan and
    Fernanda~Vi\'{e}gas and
    Oriol~Vinyals and
    Pete~Warden and
    Martin~Wattenberg and
    Martin~Wicke and
    Yuan~Yu and
    Xiaoqiang~Zheng},
  year={2015},
}
